<?xml version="1.0" encoding="UTF-8"?><collection xmlns="http://www.loc.gov/MARC21/slim"><record><leader>00327nam--2200121-i-4500</leader><controlfield tag="001">000026112</controlfield><controlfield tag="002">20161230</controlfield><controlfield tag="005">20161230201036</controlfield><controlfield tag="008">060222s1000------------r-----000-0-eng-d</controlfield><datafield ind1=" " ind2=" " tag="100"><subfield code="a">Jonscher, A. K</subfield></datafield><datafield ind1=" " ind2=" " tag="245"><subfield code="a">Principles of semiconductor device operation</subfield></datafield><datafield ind1=" " ind2=" " tag="260"><subfield code="a">London, G. Bell And Sons, Ltd., 1960. Viii+168p</subfield></datafield><datafield ind1=" " ind2=" " tag="852"><subfield code="a">15931</subfield></datafield></record></collection>